<?xml version="1.0" encoding="UTF-8"?><collection xmlns="http://www.loc.gov/MARC21/slim"><record><leader>00613nam--2200181-i-4500</leader><controlfield tag="001">000033442</controlfield><controlfield tag="002">20161230</controlfield><controlfield tag="005">20161230201039</controlfield><controlfield tag="008">060222s1000------------r-----000-0-fre-d</controlfield><datafield ind1=" " ind2=" " tag="040"><subfield code="a">IFIN-HH</subfield></datafield><datafield ind1=" " ind2=" " tag="041"><subfield code="a">fre</subfield></datafield><datafield ind1=" " ind2=" " tag="080"><subfield code="a">539.377:539.12.08:539.17.217(043)</subfield></datafield><datafield ind1="1" ind2=" " tag="100"><subfield code="a">Montret-brugerolle, Michele</subfield></datafield><datafield ind1="1" ind2="0" tag="245"><subfield code="a">Distribution spatiale de l`energie deposee par des ions energetiques dans les milieux condenses. etude par thermoluminescence</subfield><subfield code="b">These</subfield><subfield code="c">Michele montret-brugerolle</subfield></datafield><datafield ind1=" " ind2=" " tag="260"><subfield code="a">Paris</subfield><subfield code="b">Universite De Clermont-ferrand</subfield><subfield code="c">1980</subfield></datafield><datafield ind1=" " ind2=" " tag="300"><subfield code="a">189P</subfield></datafield><datafield ind1=" " ind2=" " tag="852"><subfield code="a">49843</subfield><subfield code="c">535.37</subfield></datafield><datafield ind1=" " ind2=" " tag="CAT"><subfield code="a">Sys</subfield><subfield code="c">20110427</subfield><subfield code="h">113833</subfield></datafield></record></collection>